/home/pedro/git/templates/refs.bib